@article{etude-clinique-accidents,
    author = "{J. L'Hoste}",
    title = "UNE ÉTUDE CLINIQUE DES ACCIDENTS DE LA CIRCULATION ROUTIÈRE",
    journal = "Le Travail Humain",
    year = "1970",
}

@booklet{rapport-accident-canada,
    author = "Ministère de la voirie, Gouvernement Canadien",
    title = "Classification et analyse des accidents",
    year = "1964"
}

@article{reflexion-transfert,
    author = "Adriana Jimenez-Florez, Joël Yerpez, Juan Pablo Bocarejo, Céline Parraud",
    title = "Réflexions sur le transfert méthodologique de l’analyse
qualitative d’accidents de la circulation routière issue de
l’étude détaillée des accidents (EDA) française aux
procédures d’accidents colombiennes",
    journal = " RTS. Recherche, transports,
sécurité, 28 (1), pp 46-65",
    year = "2012",
    howpublished = "https://hal.science/hal-00851292"
}

@article{categorisation-scenes-typiques,
    author = "Dominique Fleury",
    title = "Catégorisation de scènes routières et sécurité : de l'analyse des accidents aux représentations typiques",
    journal = "Intellictica, 15, pp 97-123",
    year = "1992/3"
}

@article{LORTIE199831,
title = {The classification of accident data},
journal = {Safety Science},
volume = {31},
number = {1},
pages = {31-57},
year = {1998},
issn = {0925-7535},
doi = {https://doi.org/10.1016/S0925-7535(98)00053-8},
url = {https://www.sciencedirect.com/science/article/pii/S0925753598000538},
author = {M. Lortie and P. Rizzo},
keywords = {Accident, First accident report, Classification, Incident, Activity},
}

@article{classification-colision,
title = {Classification of Vehicle Collision Patterns in Road Accidents using Data Mining Algorithms},
journal = {nternational Journal of Computer Applications},
volume = {35},
number = {12},
pages = {30-37},
year = {2011},
issn = {0975 – 8887},
url = {https://citeseerx.ist.psu.edu/document?repid=rep1&type=pdf&doi=fc7b9cc0f99e7b3a38857f91dcbb0a6e5a90eec0},
author = {S.Shanthi and Dr.R.Geetha Ramani},
keywords = {Classification Algorithms, Feature Selection Algorithms, Manner of Collision, Fatal Severity, Collision Patterns, Prediction},
}

@article{accidents1953,
title = {Les accidents de la route en France. Mortalité et morbidité depuis 1953},
ISSN = {00324663, 19577966},
URL = {http://www.jstor.org/stable/1531348},
author = {J. Vallin and J.-C. Chesnais},
journal = {Population (French Edition)},
number = {3},
pages = {443--478},
publisher = {Institut National d'Études Démographiques},
title = {Les accidents de la route en France. Mortalité et morbidité depuis 1953},
urldate = {2023-12-31},
volume = {30},
year = {1975}
}
@article{FONTAINE2003107,
title = {Âge des conducteurs de voiture et accidents de la route: Quel risque pour les seniors ?},
journal = {Recherche - Transports - Sécurité},
volume = {79-80},
pages = {107-120},
year = {2003},
issn = {0761-8980},
doi = {https://doi.org/10.1016/S0761-8980(03)00007-4},
url = {https://www.sciencedirect.com/science/article/pii/S0761898003000074},
author = {Hélène Fontaine},
keywords = {Conducteurs âgés, Exposition, Risque, Accident, Mobilité, Elderly drivers, Exposure, Risk, Crash, Mobility}
}